<record><leader>00000cas a22000007a 4500</leader><controlfield tag="001">23350193</controlfield><controlfield tag="008">910328d19701971nyuqr ne      0    0eng d</controlfield><datafield ind1=" " ind2=" " tag="010"><subfield code="a">sn 91066209 </subfield></datafield><datafield ind1=" " ind2=" " tag="040"><subfield code="a">NYS</subfield><subfield code="b">eng</subfield><subfield code="c">NYS</subfield><subfield code="d">OCL</subfield><subfield code="d">OCLCQ</subfield></datafield><datafield ind1=" " ind2=" " tag="042"><subfield code="a">msc</subfield></datafield><datafield ind1="0" ind2="4" tag="245"><subfield code="a">The Clyde gazette.</subfield></datafield><datafield ind1=" " ind2=" " tag="260"><subfield code="a">Clyde, Wayne Co., N.Y. :</subfield><subfield code="b">Wayne E. Morrison, Sr.</subfield></datafield><datafield ind1=" " ind2=" " tag="300"><subfield code="a">2 ;</subfield><subfield code="c">56 cm.</subfield></datafield><datafield ind1=" " ind2=" " tag="310"><subfield code="a">Quarterly</subfield></datafield><datafield ind1="0" ind2=" " tag="362"><subfield code="a">Vol. 1, no. 1 (Sept. 10, 1970)-v. 2, no. 1 (Mar. 11, 1971).</subfield></datafield><datafield ind1=" " ind2="4" tag="651"><subfield code="a">Clyde (N.Y.)</subfield><subfield code="v">Newspapers.</subfield></datafield><datafield ind1=" " ind2=" " tag="752"><subfield code="a">United States</subfield><subfield code="b">New York</subfield><subfield code="c">Wayne</subfield><subfield code="d">Clyde.</subfield></datafield><datafield ind1="1" ind2=" " tag="029"><subfield code="a">AU@</subfield><subfield code="b">000025905396</subfield></datafield></record>